
@article{teixeira2011analise,
  title={Análise da associação entre saneamento e saúde nos estados brasileiros--estudo comparativo entre 2001 e 2006},
  author={Teixeira, Júlio César and Gomes, Maria Helena Rodrigues and Souza, Janaina Azevedo de},
  journal={Revista de Engenheira Sanitária e Ambiental},
  volume={16},
  number={2},
  pages={197--204},
  year={2011},
  publisher={SciELO Brasil}
}

@Misc{idb,
  title = "Indicadores e Dados Básicos",
  author = "{Brasil - Ministério da Saúde}",
  year = "2012",
  url = "http://tabnet.datasus.gov.br/cgi/idb2012/matriz.htm",
  note = "Último acesso em 12 de Setembro de 2016"
}

@article{lansky2009mortalidade,
  title={A mortalidade Infantil: tendências da mortalidade neonatal e pós-neonatal em 20 anos do SUS},
  author={Lansky, S and França, E and Perpétuo, IH and Ishitane, I},
  journal={Brasília (DF): MS},
  year={2009}
}

@article{frias2008politicas,
  title={Políticas de saúde direcionadas às crianças brasileiras: breve histórico com enfoque na oferta de serviços de saúde},
  journal={Ministério da Saúde, ed. Saúde Brasil},
  author={Frias, Paulo Germano de and Mullachery, Pricila Honorato and Giugliani, Elsa Regina Justo},
  volume={20},
  year={2008}
}
